@book{embrechts_et_al_1997,
	author = {Paul Embrechts and Claudia Kl{\"u}ppelberg and Thomas Mikosch},
	date-added = {2023-01-19 16:45:45 -0500},
	date-modified = {2023-01-19 16:47:57 -0500},
	edition = {1},
	publisher = {Springer Berlin, Heidelberg},
	series = {Stochastic Modelling and Applied Probability},
	title = {Modelling Extremal Events},
	year = {1997}}

 @book{casella_and_berger_2002,
	author = {George Casella and Roger Berger},
	date-added = {2023-02-21 16:36:30 -0500},
	date-modified = {2023-02-21 16:40:09 -0500},
	edition = {2},
	publisher = {Duxbury Press},
	series = {Duxbury Advanced Series},
	title = {Statistical Inference},
	year = {2002}}

@book{coles_2001,
	author = {Stuart Coles},
	date-added = {2023-01-23 13:58:34 -0500},
	date-modified = {2023-01-23 13:59:31 -0500},
	edition = {1},
	publisher = {Springer London},
	series = {Springer Series in Statistics},
	title = {An Introduction to Statistical Modeling of Extreme Values},
	year = {2001}}